
@article{Eliason2012_photonicheterostructureproduces,
  title = {A Photonic Heterostructure Produces Diverse Iridescent Colours in Duck Wing Patches},
  volume = {9},
  copyright = {This journal is \textcopyright{} 2012 The Royal Society},
  doi = {10.1098/rsif.2012.0118},
  language = {en},
  number = {74},
  journal = {Journal of The Royal Society Interface},
  author = {Eliason, Chad M. and Shawkey, Matthew D.},
  month = sep,
  year = {2012},
  pages = {2279-2289},
  pmid = {22491981}
}

@article{Osorio2002_spectralreflectancedirectional,
  title = {Spectral Reflectance and Directional Properties of Structural Coloration in Bird Plumage},
  volume = {205},
  copyright = {\textcopyright{} The Company of Biologists Limited 2002},
  language = {en},
  number = {14},
  journal = {Journal of Experimental Biology},
  author = {Osorio, Daniel Colaco and Ham, Abigail D.},
  month = jul,
  year = {2002},
  pages = {2017-2027},
  pmid = {12089207}
}

@article{Stavenga2017_structuralcolouredfeathers,
  title = {Structural Coloured Feathers of Mallards Act by Simple Multilayer Photonics},
  volume = {14},
  copyright = {\textcopyright{} 2017 The Author(s). http://royalsocietypublishing.org/licencePublished by the Royal Society. All rights reserved.},
  doi = {10.1098/rsif.2017.0407},
  language = {en},
  number = {133},
  journal = {Journal of The Royal Society Interface},
  author = {Stavenga, Doekele G. and {van der Kooi}, Casper J. and Wilts, Bodo D.},
  month = aug,
  year = {2017},
  pages = {20170407},
  pmid = {28768883}
}

@article{Stavenga2015_highrefractiveindex,
  title = {High Refractive Index of Melanin in Shiny Occipital Feathers of a Bird of Paradise},
  volume = {4},
  copyright = {\textcopyright{} 2015 Nature Publishing Group},
  doi = {10.1038/lsa.2015.16},
  language = {en},
  number = {1},
  journal = {Light: Science \& Applications},
  author = {Stavenga, Doekele G. and Leertouwer, Hein L. and Osorio, Daniel C. and Wilts, Bodo D.},
  month = jan,
  year = {2015},
  pages = {e243}
}

@article{Stavenga2011_dramaticcolourchanges,
  title = {Dramatic Colour Changes in a Bird of Paradise Caused by Uniquely Structured Breast Feather Barbules},
  volume = {278},
  copyright = {This Journal is \textcopyright{} 2010 The Royal Society},
  doi = {10.1098/rspb.2010.2293},
  language = {en},
  number = {1715},
  journal = {Proceedings of the Royal Society of London B: Biological Sciences},
  author = {Stavenga, Doekele G. and Leertouwer, Hein L. and Marshall, N. Justin and Osorio, Daniel Colaco},
  month = jul,
  year = {2011},
  pages = {2098-2104},
  pmid = {21159676}
}

@article{Meadows2012_dietaryproteinlevel,
  title = {Dietary Protein Level Affects Iridescent Coloration in {{Anna}}'s Hummingbirds, {{{\emph{Calypte}}}}{\emph{ Anna}}},
  volume = {215},
  copyright = {\textcopyright{} 2012.},
  doi = {10.1242/jeb.069351},
  language = {en},
  number = {16},
  journal = {Journal of Experimental Biology},
  author = {Meadows, Melissa G. and Roudybush, Thomas E. and McGraw, Kevin J.},
  month = aug,
  year = {2012},
  pages = {2742-2750},
  pmid = {22837446}
}

@article{Eliason2011_decreasedhydrophobicityiridescent,
  title = {Decreased Hydrophobicity of Iridescent Feathers: A Potential Cost of Shiny Plumage},
  volume = {214},
  shorttitle = {Decreased Hydrophobicity of Iridescent Feathers},
  doi = {10.1242/jeb.055822},
  language = {English},
  number = {Pt 13},
  journal = {The Journal of Experimental Biology},
  author = {Eliason, Chad M. and Shawkey, Matthew D.},
  month = jul,
  year = {2011},
  pages = {2157-2163},
  pmid = {21653809}
}

@article{Parra2010_colorevolutionhummingbird,
  title = {Color Evolution in the Hummingbird Genus {{{\emph{Coeligena}}}}},
  volume = {64},
  doi = {10.1111/j.1558-5646.2009.00827.x},
  language = {en},
  number = {2},
  journal = {Evolution},
  author = {Parra, Juan Luis},
  month = feb,
  year = {2010},
  pages = {324-335},
  pmid = {19703221}
}

@article{Shawkey2006_evolutionarytransitionsmechanisms,
  title = {Evolutionary Transitions and Mechanisms of Matte and Iridescent Plumage Coloration in Grackles and Allies ({{Icteridae}})},
  volume = {3},
  copyright = {\textcopyright{} 2006 The Royal Society},
  doi = {10.1098/rsif.2006.0131},
  language = {en},
  number = {11},
  journal = {Journal of The Royal Society Interface},
  author = {Shawkey, Matthew D. and Hauber, Mark E. and Estep, Laura K. and Hill, Geoffrey E.},
  month = dec,
  year = {2006},
  pages = {777-786},
  pmid = {17015306}
}

@article{Eliason2013_howhollowmelanosomes,
  title = {How Hollow Melanosomes Affect Iridescent Colour Production in Birds},
  volume = {280},
  copyright = {\textcopyright{} 2013 The Author(s) Published by the Royal Society. All rights reserved.},
  doi = {10.1098/rspb.2013.1505},
  language = {en},
  number = {1767},
  journal = {Proc. R. Soc. B},
  author = {Eliason, Chad M. and Bitton, Pierre-Paul and Shawkey, Matthew D.},
  month = sep,
  year = {2013},
  pages = {20131505},
  pmid = {23902909}
}

@article{Yin2006_iridescenceneckfeathers,
  title = {Iridescence in the Neck Feathers of Domestic Pigeons},
  volume = {74},
  doi = {10.1103/PhysRevE.74.051916},
  number = {5},
  journal = {Physical Review E},
  author = {Yin, Haiwei and Shi, Lei and Sha, Jing and Li, Yizhou and Qin, Youhua and Dong, Biqin and Meyer, Serge and Liu, Xiaohan and Zhao, Li and Zi, Jian},
  month = nov,
  year = {2006},
  pages = {051916}
}

@article{Stavenga2011_kingfisherfeatherscolouration,
  title = {Kingfisher Feathers \textendash{} Colouration by Pigments, Spongy Nanostructures and Thin Films},
  volume = {214},
  copyright = {\textcopyright{} 2011.},
  doi = {10.1242/jeb.062620},
  language = {en},
  number = {23},
  journal = {Journal of Experimental Biology},
  author = {Stavenga, Doekele G. and Tinbergen, Jan and Leertouwer, Hein L. and Wilts, Bodo D.},
  month = dec,
  year = {2011},
  pages = {3960-3967},
  pmid = {22071186}
}

@article{Eliason2015_modularcolorevolution,
  title = {Modular Color Evolution Facilitated by a Complex Nanostructure in Birds},
  volume = {69},
  doi = {10.1111/evo.12575},
  language = {en},
  number = {2},
  journal = {Evolution},
  author = {Eliason, Chad M. and Maia, Rafael and Shawkey, Matthew D.},
  month = feb,
  year = {2015},
  pages = {357-367}
}

@article{Meadows2011_quantifyingiridescentcoloration,
  title = {Quantifying Iridescent Coloration in Animals: A Method for Improving Repeatability},
  volume = {65},
  shorttitle = {Quantifying Iridescent Coloration in Animals},
  doi = {10.1007/s00265-010-1135-5},
  language = {en},
  number = {6},
  journal = {Behavioral Ecology and Sociobiology},
  author = {Meadows, Melissa G. and Morehouse, Nathan I. and Rutowski, Ronald L. and Douglas, Jonathan M. and McGraw, Kevin J.},
  month = jun,
  year = {2011},
  pages = {1317-1327},
  pmid = {876}
}

@article{Igic2016_manakinscanproduce,
  title = {Manakins Can Produce Iridescent and Bright Feather Colours without Melanosomes},
  volume = {219},
  copyright = {\textcopyright{} 2016. Published by The Company of Biologists Ltd},
  doi = {10.1242/jeb.137182},
  language = {en},
  number = {12},
  journal = {Journal of Experimental Biology},
  author = {Igic, Branislav and D'Alba, Liliana and Shawkey, Matthew D.},
  month = jun,
  year = {2016},
  pages = {1851-1859},
  pmid = {27307543}
}

@article{Maia2013_keyornamentalinnovations,
  title = {Key Ornamental Innovations Facilitate Diversification in an Avian Radiation},
  volume = {110},
  doi = {10.1073/pnas.1220784110},
  language = {en},
  number = {26},
  journal = {Proceedings of the National Academy of Sciences},
  author = {Maia, Rafael and Rubenstein, Dustin R. and Shawkey, Matthew D.},
  month = jun,
  year = {2013},
  pages = {10687-10692},
  pmid = {23754395},
  pmcid = {PMC3696750}
}

@article{Loyau2007_iridescentstructurallybased,
  title = {Iridescent Structurally Based Coloration of Eyespots Correlates with Mating Success in the Peacock},
  volume = {18},
  doi = {10.1093/beheco/arm088},
  number = {6},
  journal = {Behavioral Ecology},
  author = {Loyau, Adeline and Gomez, Doris and Moureau, Beno\^it and Th\'ery, Marc and Hart, Nathan S. and Jalme, Michel Saint and Bennett, Andrew T. D. and Sorci, Gabriele},
  month = nov,
  year = {2007},
  pages = {1123-1131}
}

@article{Greenewalt1960_iridescentcolorshummingbirda,
  title = {The Iridescent Colors of Hummingbird Feathers},
  volume = {104},
  number = {3},
  journal = {Proceedings of the American Philosophical Society},
  author = {Greenewalt, Crawford H. and Brandt, Werner and Friel, Daniel D.},
  year = {1960},
  pages = {249-253}
}

@article{Leclaire2014_featherbacterialload,
  title = {Feather Bacterial Load Affects Plumage Condition, Iridescent Color, and Investment in Preening in Pigeons},
  volume = {25},
  doi = {10.1093/beheco/aru109},
  number = {5},
  journal = {Behavioral Ecology},
  author = {Leclaire, Sarah and Pierret, Pauline and Chatelain, Marion and Gasparini, Julien},
  month = sep,
  year = {2014},
  pages = {1192-1198}
}

@article{Doucet2006_iridescentplumagesatin,
  title = {Iridescent Plumage in Satin Bowerbirds: Structure, Mechanisms and Nanostructural Predictors of Individual Variation in Colour},
  volume = {209},
  copyright = {\textcopyright{} The Company of Biologists Limited 2006},
  shorttitle = {Iridescent Plumage in Satin Bowerbirds},
  doi = {10.1242/jeb.01988},
  language = {en},
  number = {2},
  journal = {Journal of Experimental Biology},
  author = {Doucet, St\'ephanie M. and Shawkey, Matthew D. and Hill, Geoffrey E. and Montgomerie, Robert},
  month = jan,
  year = {2006},
  pages = {380-390},
  pmid = {16391360}
}

@article{Maia2009_iridescentstructuralcolour,
  title = {Iridescent Structural Colour Production in Male Blue-Black Grassquit Feather Barbules: The Role of Keratin and Melanin},
  volume = {6},
  copyright = {\textcopyright{} 2009 The Royal Society},
  shorttitle = {Iridescent Structural Colour Production in Male Blue-Black Grassquit Feather Barbules},
  doi = {10.1098/rsif.2008.0460.focus},
  language = {en},
  number = {Suppl 2},
  journal = {Journal of The Royal Society Interface},
  author = {Maia, Rafael and Caetano, Jo\~ao Victor O. and B\'ao, S\^onia N. and Macedo, Regina H.},
  month = apr,
  year = {2009},
  pages = {S203-S211},
  pmid = {19141431}
}

@article{Zi2003_colorationstrategiespeacock,
  title = {Coloration Strategies in Peacock Feathers},
  volume = {100},
  copyright = {Copyright \textcopyright{} 2003, The National Academy of Sciences},
  doi = {10.1073/pnas.2133313100},
  language = {en},
  number = {22},
  journal = {Proceedings of the National Academy of Sciences},
  author = {Zi, Jian and Yu, Xindi and Li, Yizhou and Hu, Xinhua and Xu, Chun and Wang, Xingjun and Liu, Xiaohan and Fu, Rongtang},
  month = oct,
  year = {2003},
  pages = {12576-12578},
  pmid = {14557541}
}

@article{Lee2015_measuringmodellingreflectance,
  title = {Measuring and Modelling the Reflectance Spectra of Male {{Swinhoe}}'s Pheasant Feather Barbules},
  volume = {12},
  copyright = {\textcopyright{} 2015 The Author(s) Published by the Royal Society. All rights reserved.},
  doi = {10.1098/rsif.2014.1354},
  language = {en},
  number = {105},
  journal = {Journal of The Royal Society Interface},
  author = {Lee, Cheng-Chung and Liao, Shih-Fang and Vukusic, Pete},
  month = apr,
  year = {2015},
  pages = {20141354},
  pmid = {25788537}
}

@article{Legagneux2010_conditiondependenceiridescent,
  title = {Condition Dependence of Iridescent Wing Flash-Marks in Two Species of Dabbling Ducks},
  volume = {83},
  doi = {10.1016/j.beproc.2010.01.017},
  number = {3},
  journal = {Behavioural Processes},
  author = {Legagneux, Pierre and Th\'ery, Marc and Guillemain, Matthieu and Gomez, Doris and Bretagnolle, Vincent},
  month = mar,
  year = {2010},
  pages = {324-330}
}

@article{Rutowski2005_pterinpigmentsamplify,
  title = {Pterin Pigments Amplify Iridescent Ultraviolet Signal in Males of the Orange Sulphur Butterfly, {{{\emph{Colias}}}}{\emph{ Eurytheme}}},
  volume = {272},
  copyright = {\textcopyright{} 2005 The Royal Society},
  doi = {10.1098/rspb.2005.3216},
  language = {en},
  number = {1578},
  journal = {Proceedings of the Royal Society of London B: Biological Sciences},
  author = {Rutowski, Ronald L. and Macedonia, Joseph M. and Morehouse, Nathan I. and {Taylor-Taft}, Laura},
  month = nov,
  year = {2005},
  pages = {2329-2335},
  pmid = {16191648}
}

@article{Wickham2006_exaggerationsuppressioniridescence,
  title = {Exaggeration and Suppression of Iridescence: The Evolution of Two-Dimensional Butterfly Structural Colours},
  volume = {3},
  copyright = {\textcopyright{} 2005 The Royal Society},
  shorttitle = {Exaggeration and Suppression of Iridescence},
  doi = {10.1098/rsif.2005.0071},
  language = {en},
  number = {6},
  journal = {Journal of The Royal Society Interface},
  author = {Wickham, Shelley and Large, Maryanne C. J. and Poladian, Leon and Jermiin, Lars S.},
  month = feb,
  year = {2006},
  pages = {99-109},
  pmid = {16849221}
}

@article{Brink2004_structuralcoloursfeathers,
  title = {Structural Colours from the Feathers of the Bird {{{\emph{Bostrychia}}}}{\emph{ Hagedash}}},
  volume = {37},
  doi = {10.1088/0022-3727/37/5/025},
  language = {en},
  number = {5},
  journal = {Journal of Physics D: Applied Physics},
  author = {Brink, D. J. and {van der Berg}, N. G.},
  year = {2004},
  pages = {813}
}

@article{McGraw2004_multipleuvreflectance,
  title = {Multiple {{UV}} Reflectance Peaks in the Iridescent Neck Feathers of Pigeons},
  volume = {91},
  doi = {10.1007/s00114-003-0498-0},
  language = {en},
  number = {3},
  journal = {Naturwissenschaften},
  author = {McGraw, Kevin J.},
  month = mar,
  year = {2004},
  pages = {125-129}
}

@article{Huxley1975_basisstructuralcolour,
  title = {The Basis of Structural Colour Variation in Two Species of {{{\emph{Papilio}}}}},
  volume = {50},
  copyright = {\textcopyright{} 1975 Royal Entomological Society},
  doi = {10.1111/j.1365-3032.1975.tb00087.x},
  language = {en},
  number = {1},
  journal = {Journal of Entomology Series A, General Entomology},
  author = {Huxley, John},
  month = may,
  year = {1975},
  pages = {9-22}
}

@article{Kientz2012_glitterlikeiridescencebacteroidetes,
  title = {Glitter-like Iridescence within the {{Bacteroidetes}} Especially {{{\emph{Cellulophaga}}}}{\emph{ Spp.}}: Optical Properties and Correlation with Gliding Motility},
  volume = {7},
  shorttitle = {Glitter-{{Like Iridescence}} within the {{Bacteroidetes Especially Cellulophaga}} Spp.},
  doi = {10.1371/journal.pone.0052900},
  language = {en},
  number = {12},
  journal = {PLOS ONE},
  author = {Kientz, Betty and Ducret, Adrien and Luke, Stephen and Vukusic, Peter and Mignot, T\^am and Rosenfeld, Eric},
  month = dec,
  year = {2012},
  pages = {e52900}
}

@article{Eliason2010_rapidreversibleresponse,
  title = {Rapid, Reversible Response of Iridescent Feather Color to Ambient Humidity},
  volume = {18},
  copyright = {\&\#169; 2010 OSA},
  doi = {10.1364/OE.18.021284},
  language = {EN},
  number = {20},
  journal = {Optics Express},
  author = {Eliason, Chad M. and Shawkey, Matthew D.},
  month = sep,
  year = {2010},
  pages = {21284-21292}
}

@article{Igic2015_nanostructuralbasisgloss,
  title = {A Nanostructural Basis for Gloss of Avian Eggshells},
  volume = {12},
  copyright = {\textcopyright{} 2014 The Author(s) Published by the Royal Society. All rights reserved.},
  doi = {10.1098/rsif.2014.1210},
  language = {en},
  number = {103},
  journal = {Journal of The Royal Society Interface},
  author = {Igic, Branislav and {Fecheyr-Lippens}, Daphne and Xiao, Ming and Chan, Andrew and Hanley, Daniel and Brennan, Patricia R. L. and Grim, Tomas and Waterhouse, Geoffrey I. N. and Hauber, Mark E. and Shawkey, Matthew D.},
  month = feb,
  year = {2015},
  pages = {20141210},
  pmid = {25505139}
}

@article{Maia2011_achievinglusterprenuptial,
  title = {Achieving Luster: Prenuptial Molt Pattern Predicts Iridescent Structural Coloration in Blue-Black Grassquits},
  volume = {152},
  shorttitle = {Achieving Luster},
  doi = {10.1007/s10336-010-0576-y},
  language = {en},
  number = {2},
  journal = {Journal of Ornithology},
  author = {Maia, Rafael and Macedo, Regina H.},
  month = apr,
  year = {2011},
  pages = {243-252}
}

@article{Noh2010_contributiondoublescattering,
  title = {Contribution of Double Scattering to Structural Coloration in Quasiordered Nanostructures of Bird Feathers},
  volume = {81},
  doi = {10.1103/PhysRevE.81.051923},
  number = {5},
  journal = {Physical Review E},
  author = {Noh, Heeso and Liew, Seng Fatt and Saranathan, Vinodkumar and Prum, Richard O. and Mochrie, Simon G. J. and Dufresne, Eric R. and Cao, Hui},
  month = may,
  year = {2010},
  pages = {051923}
}

@article{Lanuza2014_nowyousee,
  title = {Now You See Me, Now You Don't: Iridescence Increases the Efficacy of Lizard Chromatic Signals},
  volume = {101},
  shorttitle = {Now You See Me, Now You Don't},
  doi = {10.1007/s00114-014-1224-9},
  language = {en},
  number = {10},
  journal = {Naturwissenschaften},
  author = {i de Lanuza, Guillem P\'erez and Font, Enrique},
  month = oct,
  year = {2014},
  pages = {831-837}
}

@article{Santos2007_sexualdichromatismeuropean,
  title = {Sexual Dichromatism in the {{European}} Magpie {{{\emph{Pica}}}}{\emph{ Pica}} . {{Not}} as Black and White as Expected},
  volume = {95},
  doi = {10.5253/078.095.0212},
  language = {en},
  number = {2},
  journal = {Ardea},
  author = {Santos, Susana I.C.O. and Lumeij, Johannes T. and Westers, Paul and {van Wandelen}, Bob B.I.},
  month = oct,
  year = {2007},
  pages = {299-310}
}

@article{Chandler2015_structuralcolourchondrus,
  title = {Structural Colour in {{{\emph{Chondrus}}}}{\emph{ Crispus}}},
  volume = {5},
  copyright = {2015 Nature Publishing Group},
  doi = {10.1038/srep11645},
  language = {en},
  journal = {Scientific Reports},
  author = {Chandler, Chris J. and Wilts, Bodo D. and Vignolini, Silvia and Brodie, Juliet and Steiner, Ullrich and Rudall, Paula J. and Glover, Beverley J. and Gregory, Thomas and Walker, Rachel H.},
  month = jul,
  year = {2015},
  pages = {11645}
}

@article{VanWijk2016_influenceiridescentcoloration,
  title = {The Influence of Iridescent Coloration Directionality on Male Tree Swallows' Reproductive Success at Different Breeding Densities},
  volume = {70},
  doi = {10.1007/s00265-016-2164-5},
  language = {en},
  number = {9},
  journal = {Behavioral Ecology and Sociobiology},
  author = {Van Wijk, Sonia and Bourret, Audrey and B\'elisle, Marc and Garant, Dany and Pelletier, Fanie},
  month = sep,
  year = {2016},
  pages = {1557-1569}
}

@article{Edo2010_uniquereflectionproperty,
  title = {Unique Reflection Property Due to Bumpy Multilayer Structure in Elytra of {{{\emph{Rhomborrhina}}}}{\emph{ Unicolor}}},
  volume = {49},
  doi = {10.1143/JJAP.49.047201},
  language = {en},
  number = {4R},
  journal = {Japanese Journal of Applied Physics},
  author = {Edo, Susumu and Okoshi, Kento and Kang, Sungmin and Tokita, Masatoshi and Watanabe, Junji},
  month = apr,
  year = {2010},
  pages = {047201}
}

@article{Lanuza2016_iridescentangledependentreflectance,
  title = {Iridescent (Angle-Dependent Reflectance) Properties of Dorsal Coloration in {{{\emph{Podarcis}}}}{\emph{ Muralis}} ({{Laurenti}}, 1768)},
  volume = {37},
  language = {en},
  number = {4},
  journal = {Amphibia-Reptilia},
  author = {i de Lanuza, Guillem P\'erez and Font, Enrique},
  month = nov,
  year = {2016},
  pages = {441-445}
}

@article{Ornelas2016_moleculariridescentfeather,
  title = {Molecular and Iridescent Feather Reflectance Data Reveal Recent Genetic Diversification and Phenotypic Differentiation in a Cloud Forest Hummingbird},
  volume = {6},
  copyright = {\textcopyright{} 2016 The Authors.           Ecology and Evolution published by John Wiley \& Sons Ltd.},
  doi = {10.1002/ece3.1950},
  language = {en},
  number = {4},
  journal = {Ecology and Evolution},
  author = {Ornelas, Juan Francisco and Gonz\'alez, Clementina and {Hern\'andez-Ba\~nos}, Blanca E. and {Garc\'ia-Moreno}, Jaime},
  month = feb,
  year = {2016},
  pages = {1104-1127}
}

@article{Wilts2014_sparklingfeatherreflections,
  title = {Sparkling Feather Reflections of a Bird-of-Paradise Explained by Finite-Difference Time-Domain Modeling},
  volume = {111},
  doi = {10.1073/pnas.1323611111},
  language = {en},
  number = {12},
  journal = {Proceedings of the National Academy of Sciences},
  author = {Wilts, Bodo D. and Michielsen, Kristel and Raedt, Hans De and Stavenga, Doekele G.},
  month = mar,
  year = {2014},
  pages = {4363-4368},
  pmid = {24591592}
}

@inproceedings{Ghate2013_studynanoarchitecturewings,
  address = {San Francisco},
  title = {Study of Nano-Architecture of the Wings of {{{\emph{Paris Peacock}}}} Butterfly},
  volume = {859805},
  doi = {10.1117/12.2003061},
  language = {en},
  booktitle = {Proc. {{SPIE}} 8598, {{Bioinspired}}, {{Biointegrated}}, {{Bioengineered Photonic Devices}}},
  author = {Ghate, Ekata and Bhoraskar, S. V. and Kulkarni, G. R.},
  editor = {Lee, Luke P. and Rogers, John A. and Yun, Seok-Hyun},
  month = apr,
  year = {2013},
  pages = {8}
}

@article{Hill2005_effectcoccidialinfection,
  title = {The Effect of Coccidial Infection on Iridescent Plumage Coloration in Wild Turkeys},
  volume = {69},
  doi = {10.1016/j.anbehav.2004.03.013},
  number = {2},
  journal = {Animal Behaviour},
  author = {Hill, Geoffrey E. and Doucet, St\'ephanie M. and Buchholz, Richard},
  month = feb,
  year = {2005},
  pages = {387-394}
}

@article{Kemp2007_conditiondependencequantitative,
  title = {Condition Dependence, Quantitative Genetics, and the Potential Signal Content of Iridescent Ultraviolet Butterfly Coloration},
  volume = {61},
  doi = {10.1111/j.1558-5646.2007.00014.x},
  language = {en},
  number = {1},
  journal = {Evolution},
  author = {Kemp, Darrell J. and Rutowski, Ronald L.},
  month = jan,
  year = {2007},
  pages = {168-183}
}

@article{Rutowski2013_malespecificiridescentcoloration,
  title = {Male-Specific Iridescent Coloration in the Pipevine Swallowtail ({{{\emph{Battus}}}}{\emph{ Philenor}}) Is Used in Mate Choice by Females but Not Sexual Discrimination by Males},
  volume = {26},
  doi = {10.1007/s10905-012-9348-2},
  language = {en},
  number = {2},
  journal = {Journal of Insect Behavior},
  author = {Rutowski, Ronald L. and Rajyaguru, Parth K.},
  month = mar,
  year = {2013},
  pages = {200-211}
}

@article{Rutowski2010_iridescenthindwingpatches,
  title = {Iridescent Hindwing Patches in the Pipevine Swallowtail: Differences in Dorsal and Ventral Surfaces Relate to Signal Function and Context},
  volume = {24},
  shorttitle = {Iridescent Hindwing Patches in the Pipevine Swallowtail},
  doi = {10.1111/j.1365-2435.2010.01693.x},
  language = {en},
  number = {4},
  journal = {Functional Ecology},
  author = {Rutowski, Ronald L. and Nahm, Alexandra C. and Macedonia, Joseph M.},
  month = aug,
  year = {2010},
  pages = {767-775}
}

@article{Stavenga2011_polarizediridescencemultilayered,
  title = {Polarized Iridescence of the Multilayered Elytra of the {{Japanese}} Jewel Beetle, {{{\emph{Chrysochroa}}}}{\emph{ Fulgidissima}}},
  volume = {366},
  copyright = {This journal is \textcopyright{} 2011 The Royal Society},
  doi = {10.1098/rstb.2010.0197},
  language = {en},
  number = {1565},
  journal = {Philosophical Transactions of the Royal Society B: Biological Sciences},
  author = {Stavenga, Doekele G. and Wilts, Bodo D. and Leertouwer, Hein L. and Hariyama, Takahiko},
  month = mar,
  year = {2011},
  pages = {709-723},
  pmid = {21282175}
}

@article{Liu2008_inconspicuousstructuralcoloration,
  title = {Inconspicuous Structural Coloration in the Elytra of Beetles {{{\emph{Chlorophila}}}}{\emph{ Obscuripennis}} ({{Coleoptera}})},
  volume = {77},
  doi = {10.1103/PhysRevE.77.012901},
  number = {1},
  journal = {Physical Review E},
  author = {Liu, Feng and Yin, Haiwei and Dong, Biqin and Qing, Youhua and Zhao, Li and Meyer, Serge and Liu, Xiaohan and Zi, Jian and Chen, Bin},
  month = jan,
  year = {2008},
  pages = {012901}
}

@article{Vukusic2004_remarkableiridescencehindwings,
  title = {Remarkable Iridescence in the Hindwings of the Damselfly {{{\emph{Neurobasis}}}}{\emph{ Chinensis Chinensis}} ({{Linnaeus}}) ({{Zygoptera}}: {{Calopterygidae}})},
  volume = {271},
  shorttitle = {Remarkable Iridescence in the Hindwings of the Damselfly {{Neurobasis}} Chinensis Chinensis ({{Linnaeus}}) ({{Zygoptera}}},
  doi = {10.1098/rspb.2003.2595},
  language = {en},
  number = {1539},
  journal = {Proceedings of the Royal Society of London B: Biological Sciences},
  author = {Vukusic, Pete and Wootton, R. J. and Sambles, J. R.},
  month = mar,
  year = {2004},
  pages = {595-601},
  pmid = {15156917}
}

@article{Rutowski2007_iridescentultravioletsignal,
  title = {Iridescent Ultraviolet Signal in the Orange Sulphur Butterfly ({{{\emph{Colias}}}}{\emph{ Eurytheme}}): Spatial, Temporal and Spectral Properties},
  volume = {90},
  shorttitle = {Iridescent Ultraviolet Signal in the Orange Sulphur Butterfly ({{Colias}} Eurytheme)},
  doi = {10.1111/j.1095-8312.2007.00749.x},
  language = {en},
  number = {2},
  journal = {Biological Journal of the Linnean Society},
  author = {Rutowski, Ronald L. and Macedonia, Joseph M. and Merry, Justin W. and Morehouse, Nathan I. and Yturralde, Kasey and {Taylor-Taft}, Laura and Gaalema, Diann and Kemp, Darrell J. and Papke, Randi S.},
  month = feb,
  year = {2007},
  pages = {349-364}
}

@article{Doucet2003_structuralplumagecolour,
  title = {Structural Plumage Colour and Parasites in Satin Bowerbirds {{{\emph{Ptilonorhynchus}}}}{\emph{ Violaceus}}: Implications for Sexual Selection},
  volume = {34},
  shorttitle = {Structural Plumage Colour and Parasites in Satin Bowerbirds {{Ptilonorhynchus}} Violaceus},
  doi = {10.1034/j.1600-048X.2003.03113.x},
  language = {en},
  number = {3},
  journal = {Journal of Avian Biology},
  author = {Doucet, St\'ephanie M. and Montgomerie, Robert},
  month = sep,
  year = {2003},
  pages = {237-242}
}

@article{Bennett1997_ultravioletplumagecolors,
  title = {Ultraviolet Plumage Colors Predict Mate Preferences in Starlings},
  volume = {94},
  copyright = {Copyright \textcopyright{} 1997, The National Academy of Sciences of the USA},
  doi = {10.1073/pnas.94.16.8618},
  language = {en},
  number = {16},
  journal = {Proceedings of the National Academy of Sciences},
  author = {Bennett, Andrew T. D. and Cuthill, Innes C. and Partridge, Julian C. and Lunau, Klaus},
  month = aug,
  year = {1997},
  pages = {8618-8621},
  pmid = {9238026},
  pmcid = {PMC23047}
}

@article{Dakin2013_eyeeyespothow,
  title = {Eye for an Eyespot: How Iridescent Plumage Ocelli Influence Peacock Mating Success},
  volume = {24},
  shorttitle = {Eye for an Eyespot},
  doi = {10.1093/beheco/art045},
  language = {en},
  number = {5},
  journal = {Behavioral Ecology},
  author = {Dakin, Roslyn and Montgomerie, Robert},
  month = sep,
  year = {2013},
  pages = {1048-1057}
}

@article{Tada1999_effectsbutterflyscale,
  title = {Effects of a Butterfly Scale Microstructure on the Iridescent Color Observed at Different Angles},
  volume = {5},
  copyright = {\&\#169; 1999 Optical Society of America},
  doi = {10.1364/OE.5.000087},
  language = {EN},
  number = {4},
  journal = {Optics Express},
  author = {Tada, Haruna and Mann, Seth E. and Miaoulis, Ioannis N. and Wong, Peter Y.},
  month = aug,
  year = {1999},
  pages = {87-92}
}

@article{Piszter2016_variabilitystructuralcoloration,
  title = {Variability of the Structural Coloration in Two Butterfly Species with Different Prezygotic Mating Strategies},
  volume = {11},
  doi = {10.1371/journal.pone.0165857},
  language = {en},
  number = {11},
  journal = {PLOS ONE},
  author = {Piszter, G\'abor and Kert\'esz, Kriszti\'an and B\'alint, Zsolt and Bir\'o, L\'aszl\'o P\'eter},
  month = nov,
  year = {2016},
  pages = {e0165857}
}

@article{Thurman2016_birdeyeview,
  title = {A Bird's Eye View of Two Mimetic Tropical Butterflies: Coloration Matches Predator's Sensitivity},
  volume = {298},
  shorttitle = {A Bird's Eye View of Two Mimetic Tropical Butterflies},
  doi = {10.1111/jzo.12305},
  language = {en},
  number = {3},
  journal = {Journal of Zoology},
  author = {Thurman, T. J. and Seymoure, Brett M.},
  month = mar,
  year = {2016},
  pages = {159-168}
}

@article{Pegram2013_warningcolorchanges,
  title = {Warning Color Changes in Response to Food Deprivation in the Pipevine Swallowtail Butterfly, {{{\emph{Battus}}}}{\emph{ Philenor}}},
  volume = {13},
  doi = {10.1673/031.013.11001},
  language = {en},
  number = {1},
  journal = {Journal of Insect Science},
  author = {Pegram, Kimberly V. and Nahm, Alexandra C. and Rutowski, Ronald L. and Todd, Shelly},
  month = oct,
  year = {2013}
}

@article{Waldron2017_experimentalevidencesuggests,
  title = {Experimental Evidence Suggests That Specular Reflectance and Glossy Appearance Help Amplify Warning Signals},
  volume = {7},
  copyright = {2017 The Author(s)},
  doi = {10.1038/s41598-017-00217-5},
  language = {en},
  number = {1},
  journal = {Scientific Reports},
  author = {Waldron, Samuel J. and Endler, John A. and Valkonen, Janne K. and Honma, Atsushi and Dobler, Susanne and Mappes, Johanna},
  month = mar,
  year = {2017},
  pages = {257}
}

@article{Lee2012_weakiridescentfeather,
  title = {The Weak Iridescent Feather Color in the {{Jungle Crow}} {{{\emph{Corvus}}}}{\emph{ Macrorhynchos}}},
  volume = {11},
  doi = {10.2326/osj.11.59},
  language = {en},
  number = {1},
  journal = {Ornithological Science},
  author = {Lee, Eunok and Miyazaki, Jun and Yoshioka, Shinya and Lee, Hang and Sugita, Shoei},
  month = jun,
  year = {2012},
  pages = {59-64}
}

@article{Liao2015_measuringmodelinginconspicuous,
  title = {Measuring and Modeling the Inconspicuous Iridescence of {{Formosan}} Blue Magpie's Feather ({{{\emph{Urocissa}}}}{\emph{ Caerulea}})},
  volume = {54},
  copyright = {\&\#169; 2015 Optical Society of America},
  doi = {10.1364/AO.54.004979},
  language = {EN},
  number = {16},
  journal = {Applied Optics},
  author = {Liao, Shih-Fang and Yao, Chun-Yang and Lee, Cheng-Chung},
  month = jun,
  year = {2015},
  pages = {4979-4983}
}

@article{Yoshioka2008_colorationusinghigher,
  title = {Coloration Using Higher Order Optical Interference in the Wing Pattern of the {{Madagascan}} Sunset Moth},
  volume = {5},
  copyright = {\textcopyright{} 2007 The Royal Society},
  doi = {10.1098/rsif.2007.1268},
  language = {en},
  number = {21},
  journal = {Journal of The Royal Society Interface},
  author = {Yoshioka, Shinya and Nakano, T. and Nozue, Y. and Kinoshita, Shuichi},
  month = apr,
  year = {2008},
  pages = {457-464},
  pmid = {17999945}
}

@article{Plattner2004_opticalpropertiesscales,
  title = {Optical Properties of the Scales of {{{\emph{Morpho}}}}{\emph{ Rhetenor}} Butterflies: Theoretical and Experimental Investigation of the Back-Scattering of Light in the Visible Spectrum},
  volume = {1},
  shorttitle = {Optical Properties of the Scales of {{{\emph{Morpho}}}}{\emph{ Rhetenor}} Butterflies},
  doi = {10.1098/rsif.2004.0006},
  language = {en},
  number = {1},
  journal = {Journal of The Royal Society Interface},
  author = {Plattner, Luca},
  month = nov,
  year = {2004},
  pages = {49-59},
  pmid = {16849152}
}

@article{McGraw2002_differentcolorsreveal,
  title = {Different Colors Reveal Different Information: How Nutritional Stress Affects the Expression of Melanin- and Structurally Based Ornamental Plumage},
  volume = {205},
  copyright = {\textcopyright{} The Company of Biologists Limited 2002},
  shorttitle = {Different Colors Reveal Different Information},
  language = {en},
  number = {23},
  journal = {Journal of Experimental Biology},
  author = {McGraw, Kevin J. and Mackillop, Emiko A. and Dale, James and Hauber, Mark E.},
  month = dec,
  year = {2002},
  pages = {3747-3755},
  pmid = {12409501}
}

@article{Kientz2016_uniqueselforganizationbacterial,
  title = {A Unique Self-Organization of Bacterial Sub-Communities Creates Iridescence in {{{\emph{Cellulophaga}}}}{\emph{ Lytica}} Colony Biofilms},
  volume = {6},
  copyright = {2016 Nature Publishing Group},
  doi = {10.1038/srep19906},
  language = {en},
  journal = {Scientific Reports},
  author = {Kientz, Betty and Luke, Stephen and Vukusic, Pete and P\'eteri, Renaud and Beaudry, Cyrille and Renault, Tristan and Simon, David and Mignot, T\^am and Rosenfeld, Eric},
  month = jan,
  year = {2016},
  pages = {19906}
}

@article{Mathger2003_rapidcolourchanges,
  title = {Rapid Colour Changes in Multilayer Reflecting Stripes in the Paradise Whiptail, {{{\emph{Pentapodus}}}}{\emph{ Paradiseus}}},
  volume = {206},
  copyright = {\textcopyright{} The Company of Biologists Limited 2003},
  doi = {10.1242/jeb.00599},
  language = {en},
  number = {20},
  journal = {Journal of Experimental Biology},
  author = {M\"athger, L. M. and Land, M. F. and Siebeck, U. E. and Marshall, N. Justin},
  month = oct,
  year = {2003},
  pages = {3607-3613},
  pmid = {12966052}
}

@article{Bitton2008_plumagecharacteristicsreproductive,
  title = {Plumage Characteristics, Reproductive Investment and Assortative Mating in Tree Swallows {{{\emph{Tachycineta}}}}{\emph{ Bicolor}}},
  volume = {62},
  doi = {10.1007/s00265-008-0583-7},
  language = {en},
  number = {10},
  journal = {Behavioral Ecology and Sociobiology},
  author = {Bitton, Pierre-Paul and Dawson, Russell D. and Ochs, Courtney L.},
  month = aug,
  year = {2008},
  pages = {1543-1550}
}

@article{Liu2009_structuralcolorchange,
  title = {Structural Color Change in Longhorn Beetles {{{\emph{Tmesisternus}}}}{\emph{ Isabellae}}},
  volume = {17},
  copyright = {\&\#169; 2009 Optical Society of America},
  doi = {10.1364/OE.17.016183},
  language = {EN},
  number = {18},
  journal = {Optics Express},
  author = {Liu, Feng and Dong, Biqin Q. and Liu, Xiaohan H. and Zheng, Y. M. and Zi, Jian},
  month = aug,
  year = {2009},
  pages = {16183-16191}
}

@article{Perrier2002_structuralcolorationsexual,
  title = {Structural Coloration and Sexual Selection in the Barn Swallow {{{\emph{Hirundo}}}}{\emph{ Rustica}}},
  volume = {13},
  doi = {10.1093/beheco/13.6.728},
  language = {en},
  number = {6},
  journal = {Behavioral Ecology},
  author = {Perrier, Claire and {de Lope}, Florentino and M\o{}ller, Anders P. and Ninni, Paola},
  month = nov,
  year = {2002},
  pages = {728-736}
}

@article{Kemp2014_femalematingpreferences,
  title = {Female Mating Preferences and Male Signal Variation in Iridescent {{{\emph{Hypolimnas}}}} Butterflies},
  volume = {87},
  doi = {10.1016/j.anbehav.2013.11.001},
  journal = {Animal Behaviour},
  author = {Kemp, Darrell J. and Jones, David and Macedonia, Joseph M. and Krockenberger, Andrew K.},
  month = jan,
  year = {2014},
  pages = {221-229}
}

@article{Kemp2006_heightenedphenotypicvariation,
  title = {Heightened Phenotypic Variation and Age-Based Fading of Ultraviolet Butterfly Wing Coloration},
  volume = {8},
  language = {en-gb},
  number = {3},
  journal = {Evolutionary Ecology Research},
  author = {Kemp, Darrell J.},
  year = {2006},
  pages = {515-527}
}

@article{Kemp2008_potentialdirectfitness,
  title = {Potential Direct Fitness Consequences of Ornament-Based Mate Choice in a Butterfly},
  volume = {62},
  doi = {10.1007/s00265-007-0529-5},
  language = {en},
  number = {6},
  journal = {Behavioral Ecology and Sociobiology},
  author = {Kemp, Darrell J. and Macedonia, Joseph M. and Ball, Tamara S. and Rutowski, Ronald L.},
  month = apr,
  year = {2008},
  pages = {1017-1026}
}

@article{Kemp2006_stressmediatedcovariance,
  title = {Stress-mediated Covariance between Nano-structural Architecture and Ultraviolet Butterfly Coloration},
  volume = {20},
  doi = {10.1111/j.1365-2435.2006.01100.x},
  language = {en},
  number = {2},
  journal = {Functional Ecology},
  author = {Kemp, Darrel J. and Vukusic, Pete and Rutowski, Ronald L.},
  month = apr,
  year = {2006},
  pages = {282-289}
}

@article{Pirih2011_spatialreflectionpatterns,
  title = {Spatial Reflection Patterns of Iridescent Wings of Male Pierid Butterflies: Curved Scales Reflect at a Wider Angle than Flat Scales},
  volume = {197},
  shorttitle = {Spatial Reflection Patterns of Iridescent Wings of Male Pierid Butterflies},
  doi = {10.1007/s00359-011-0661-6},
  language = {en},
  number = {10},
  journal = {Journal of Comparative Physiology A},
  author = {Pirih, Primo{\v z} and Wilts, Bodo D. and Stavenga, Doekele G.},
  month = oct,
  year = {2011},
  pages = {987-997}
}

@article{Savard2011_bluenotuv,
  title = {Blue, Not {{UV}}, Plumage Color Is Important in Satin Bowerbird {{{\emph{Ptilonorhynchus}}}}{\emph{ Violaceus}} Display},
  volume = {42},
  copyright = {\textcopyright{} 2011 The Authors},
  doi = {10.1111/j.1600-048X.2010.05128.x},
  language = {en},
  number = {1},
  journal = {Journal of Avian Biology},
  author = {Savard, Jean-Fran{\c c}ois and Keagy, Jason and Borgia, Gerald},
  month = jan,
  year = {2011},
  pages = {80-84}
}

@article{White2015_signaldesigncourtship,
  title = {Signal Design and Courtship Presentation Coincide for Highly Biased Delivery of an Iridescent Butterfly Mating Signal},
  volume = {69},
  copyright = {\textcopyright{} 2014 The Author(s).           Evolution published by Wiley Periodicals, Inc. on behalf of The Society for the Study of Evolution.},
  shorttitle = {Signal Design and Courtship Presentation Coincide for Highly Biased Delivery of an Iridescent Butterfly Mating Signal},
  doi = {10.1111/evo.12551},
  language = {en},
  number = {1},
  journal = {Evolution},
  author = {White, Thomas E. and Zeil, Jochen and Kemp, Darrell J.},
  month = jan,
  year = {2015},
  pages = {14-25}
}

@article{Kurachi2002_originextensivecolour,
  title = {The Origin of Extensive Colour Polymorphism in {{{\emph{Plateumaris}}}}{\emph{ Sericea}} ({{Chrysomelidae}}, {{Coleoptera}})},
  volume = {89},
  doi = {10.1007/s00114-002-0332-0},
  language = {en},
  number = {7},
  journal = {Naturwissenschaften},
  author = {Kurachi, Masashi and Takaku, Yasuharu and Komiya, Yoshiaki and Hariyama, Takahiko},
  month = jul,
  year = {2002},
  pages = {295-298}
}

@article{Vukusic2001_sculptedmultilayeropticaleffects,
  title = {Sculpted-Multilayer Optical Effects in Two Species of {{{\emph{Papilio}}}} Butterfly},
  volume = {40},
  copyright = {\&\#169; 2001 Optical Society of America},
  doi = {10.1364/AO.40.001116},
  language = {EN},
  number = {7},
  journal = {Applied Optics},
  author = {Vukusic, Pete and Sambles, Roy and Lawrence, Christopher and Wakely, Gavin},
  month = mar,
  year = {2001},
  pages = {1116-1125}
}

@article{Stavenga2010_butterflywingcolors,
  title = {Butterfly Wing Colors: Glass Scales of {{{\emph{Graphium}}}}{\emph{ Sarpedon}} Cause Polarized Iridescence and Enhance Blue/Green Pigment Coloration of the Wing Membrane},
  volume = {213},
  copyright = {\textcopyright{} 2010.},
  shorttitle = {Butterfly Wing Colors},
  doi = {10.1242/jeb.041434},
  language = {en},
  number = {10},
  journal = {Journal of Experimental Biology},
  author = {Stavenga, Doekele G. and Giraldo, Marco A. and Leertouwer, Hein L.},
  month = may,
  year = {2010},
  pages = {1731-1739},
  pmid = {20435824}
}

@article{Schultz1985_ultrastructureepicuticularinterference,
  title = {The Ultrastructure of the Epicuticular Interference Reflectors of Tiger Beetles ({{{\emph{Cicindela}}}})},
  volume = {117},
  copyright = {\textcopyright{} 1985 by Company of Biologists},
  language = {en},
  number = {1},
  journal = {Journal of Experimental Biology},
  author = {Schultz, Tom D. and Rankin, M. A.},
  month = jul,
  year = {1985},
  pages = {87-110}
}

@article{Ghiradella1972_ultravioletreflectionmale,
  title = {Ultraviolet Reflection of a Male Butterfly: Interference Color Caused by Thin-Layer Elaboration of Wing Scales},
  volume = {178},
  copyright = {1972 by the American Association for the Advancement of Science},
  shorttitle = {Ultraviolet Reflection of a Male Butterfly},
  doi = {10.1126/science.178.4066.1214},
  language = {en},
  number = {4066},
  journal = {Science},
  author = {Ghiradella, Helen and Aneshansley, Daniel and Eisner, Thomas and Silberglied, Robert E. and Hinton, Howard E.},
  month = dec,
  year = {1972},
  pages = {1214-1217},
  pmid = {17748984}
}

@article{Mossakowski1979_reflectionmeasurementsused,
  title = {Reflection Measurements Used in the Analysis of Structural Colours of Beetles},
  volume = {116},
  copyright = {1979 Blackwell Science Ltd},
  doi = {10.1111/j.1365-2818.1979.tb00220.x},
  language = {en},
  number = {3},
  journal = {Journal of Microscopy},
  author = {Mossakowski, Dietrich},
  month = aug,
  year = {1979},
  pages = {351-364}
}

@article{Chae1999_spectralpatternsiridescence,
  title = {Spectral Patterns of the Iridescence in the Males of {{{\emph{Sapphirina}}}} ({{Copepoda}}: {{Poecilostomatoida}})},
  volume = {79},
  shorttitle = {Spectral Patterns of the Iridescence in the Males of {{Sapphirina}} ({{Copepoda}}},
  doi = {10.1017/S0025315498000563},
  language = {en},
  number = {3},
  journal = {Journal of the Marine Biological Association of the United Kingdom},
  author = {Chae, Jinho and Nishida, Shuhei},
  month = jun,
  year = {1999},
  pages = {437-443}
}

@article{Komdeur2005_mutualornamentationage,
  title = {Mutual Ornamentation, Age, and Reproductive Performance in the {{European}} Starling},
  volume = {16},
  doi = {10.1093/beheco/ari059},
  language = {en},
  number = {4},
  journal = {Behavioral Ecology},
  author = {Komdeur, Jan and Oorebeek, Margot and {van Overveld}, Thijs and Cuthill, Innes C.},
  month = jul,
  year = {2005},
  pages = {805-817}
}

@article{Lee2000_structuralfruitcoloration,
  title = {Structural Fruit Coloration in {{{\emph{Delarbrea}}}}{\emph{ Michieana}} ({{Araliaceae}})},
  volume = {161},
  doi = {10.1086/314249},
  language = {en},
  number = {2},
  journal = {International Journal of Plant Sciences},
  author = {Lee, David W. and Taylor, George T. and Irvine, Anthony K.},
  month = mar,
  year = {2000},
  pages = {297-300}
}

@article{Rutowski2007_diversitystructuralultraviolet,
  title = {Diversity in Structural Ultraviolet Coloration among Female Sulphur Butterflies ({{Coliadinae}}, {{Pieridae}})},
  volume = {36},
  doi = {10.1016/j.asd.2006.11.005},
  number = {3},
  journal = {Arthropod Structure \& Development},
  author = {Rutowski, Ronald L. and Macedonia, Joseph M. and Kemp, Darrell J. and {Taylor-Taft}, Laura},
  month = sep,
  year = {2007},
  pages = {280-290}
}

@article{Wilts2013_shinywingscales,
  title = {Shiny Wing Scales Cause Spec(Tac)Ular Camouflage of the Angled Sunbeam Butterfly, {{{\emph{Curetis}}}}{\emph{ Acuta}}},
  volume = {109},
  doi = {10.1111/bij.12070},
  language = {en},
  number = {2},
  journal = {Biological Journal of the Linnean Society},
  author = {Wilts, Bodo D. and Pirih, Primo{\v z} and Arikawa, Kentaro and Stavenga, Doekele G.},
  month = jun,
  year = {2013},
  pages = {279-289}
}

@article{Schultz2009_structuralcolourscreate,
  title = {Structural Colours Create a Flashing Cue for Sexual Recognition and Male Quality in a {{Neotropical}} Giant Damselfly},
  volume = {23},
  doi = {10.1111/j.1365-2435.2009.01584.x},
  language = {en},
  number = {4},
  journal = {Functional Ecology},
  author = {Schultz, Tom D. and Fincke, Ola M.},
  month = aug,
  year = {2009},
  pages = {724-732}
}

@article{Maia2016_selectionconstraintevolution,
  title = {Selection, Constraint, and the Evolution of Coloration in {{African}} Starlings},
  volume = {70},
  copyright = {\textcopyright{} 2016 The Author(s).           Evolution \textcopyright{} 2016 The Society for the Study of Evolution.},
  shorttitle = {Selection, Constraint, and the Evolution of Coloration in {{African}} Starlings},
  doi = {10.1111/evo.12912},
  language = {en},
  number = {5},
  journal = {Evolution},
  author = {Maia, Rafael and Rubenstein, Dustin R. and Shawkey, Matthew D.},
  month = may,
  year = {2016},
  pages = {1064-1079}
}

@article{Costa2005_coccidianoocystparasitism,
  title = {Coccidian Oocyst Parasitism in the Blue-Black Grassquit: Influence on Secondary Sex Ornaments and Body Condition},
  volume = {70},
  shorttitle = {Coccidian Oocyst Parasitism in the Blue-Black Grassquit},
  doi = {10.1016/j.anbehav.2005.03.024},
  number = {6},
  journal = {Animal Behaviour},
  author = {Costa, F\'abio J. V. and Macedo, Regina H.},
  month = dec,
  year = {2005},
  pages = {1401-1409}
}

@article{Bitton2007_plumagebrightnessage,
  title = {Plumage Brightness and Age Predict Extrapair Fertilization Success of Male Tree Swallows, {{{\emph{Tachycineta}}}}{\emph{ Bicolor}}},
  volume = {74},
  doi = {10.1016/j.anbehav.2007.03.018},
  number = {6},
  journal = {Animal Behaviour},
  author = {Bitton, Pierre-Paul and O'Brien, Erin L. and Dawson, Russell D.},
  month = dec,
  year = {2007},
  pages = {1777-1784}
}

@article{Papke2007_multimodalsignallingstructural,
  title = {Multimodal Signalling: Structural Ultraviolet Reflectance Predicts Male Mating Success Better than Pheromones in the Butterfly {{Colias}} Eurytheme {{L}}. ({{Pieridae}})},
  volume = {73},
  shorttitle = {Multimodal Signalling},
  doi = {10.1016/j.anbehav.2006.07.004},
  number = {1},
  journal = {Animal Behaviour},
  author = {Papke, Randi S. and Kemp, Darrell J. and Rutowski, Ronald L.},
  month = jan,
  year = {2007},
  pages = {47-54}
}

@article{Imafuku2016_wingscaleorientation,
  title = {Wing {{Scale Orientation Alters Reflection Directions}} in the {{Green Hairstreak}} {{{\emph{Chrysozephyrus}}}}{\emph{ Smaragdinus}} ({{Lycaenidae}}; {{Lepidoptera}})},
  volume = {33},
  doi = {10.2108/zs160041},
  number = {6},
  journal = {Zoological Science},
  author = {Imafuku, Michio and Ogihara, Naomichi},
  month = dec,
  year = {2016},
  pages = {616-622}
}

@article{Gur2015_structuralbasisbrilliant,
  title = {Structural Basis for the Brilliant Colors of the Sapphirinid Copepods},
  volume = {137},
  doi = {10.1021/jacs.5b05289},
  number = {26},
  journal = {Journal of the American Chemical Society},
  author = {Gur, Dvir and Leshem, Ben and Pierantoni, Maria and Farstey, Viviana and Oron, Dan and Weiner, Steve and Addadi, Lia},
  month = jul,
  year = {2015},
  pages = {8408-8411}
}

@article{Gur2014_structuralbasisenhanced,
  title = {The Structural Basis for Enhanced Silver Reflectance in Koi Fish Scale and Skin},
  volume = {136},
  doi = {10.1021/ja509340c},
  number = {49},
  journal = {Journal of the American Chemical Society},
  author = {Gur, Dvir and Leshem, Ben and Oron, Dan and Weiner, Steve and Addadi, Lia},
  month = dec,
  year = {2014},
  pages = {17236-17242}
}

@article{Gur2016_lightinducedcolorchange,
  title = {Light-Induced Color Change in the Sapphirinid Copepods: Tunable Photonic Crystals},
  volume = {26},
  copyright = {\textcopyright{} 2016 WILEY-VCH Verlag GmbH \& Co. KGaA, Weinheim},
  shorttitle = {Light-Induced Color Change in the Sapphirinid Copepods},
  doi = {10.1002/adfm.201504339},
  language = {en},
  number = {9},
  journal = {Advanced Functional Materials},
  author = {Gur, Dvir and Leshem, Ben and Farstey, Viviana and Oron, Dan and Addadi, Lia and Weiner, Steve},
  month = mar,
  year = {2016},
  pages = {1393-1399}
}

@article{Lee1991_ultrastructuralbasisfunction,
  title = {Ultrastructural Basis and Function of Iridescent Blue Colour of Fruits in {{{\emph{Elaeocarpus}}}}},
  volume = {349},
  copyright = {1991 Nature Publishing Group},
  doi = {10.1038/349260a0},
  language = {en},
  number = {6306},
  journal = {Nature},
  author = {Lee, David W.},
  month = jan,
  year = {1991},
  pages = {260-262}
}

@article{Vignolini2012_pointilliststructuralcolor,
  title = {Pointillist Structural Color in {{Pollia}} Fruit},
  volume = {109},
  doi = {10.1073/pnas.1210105109},
  language = {en},
  number = {39},
  journal = {Proceedings of the National Academy of Sciences},
  author = {Vignolini, Silvia and Rudall, Paula J. and Rowland, Alice V. and Reed, Alison and Moyroud, Edwige and Faden, Robert B. and Baumberg, Jeremy J. and Glover, Beverley J. and Steiner, Ullrich},
  month = sep,
  year = {2012},
  pages = {15712-15715},
  pmid = {23019355}
}

@article{Parnell2018_wingscaleultrastructure,
  title = {Wing Scale Ultrastructure Underlying Convergent and Divergent Iridescent Colours in Mimetic {{Heliconius}} Butterflies},
  volume = {15},
  copyright = {\textcopyright{} 2018 The Authors.. Published by the Royal Society under the terms of the Creative Commons Attribution License http://creativecommons.org/licenses/by/4.0/, which permits unrestricted use, provided the original author and source are credited.},
  doi = {10.1098/rsif.2017.0948},
  language = {en},
  number = {141},
  journal = {Journal of The Royal Society Interface},
  author = {Parnell, Andrew J. and Bradford, James E. and Curran, Emma V. and Washington, Adam L. and Adams, Gracie and Brien, Melanie N. and Burg, Stephanie L. and Morochz, Carlos and Fairclough, J. Patrick A. and Vukusic, Pete and Martin, Simon J. and Doak, Scott and Nadeau, Nicola J.},
  month = apr,
  year = {2018},
  pages = {20170948},
  pmid = {29669892}
}

@article{Stavenga2018_magnificentmagpiecolours,
  title = {Magnificent Magpie Colours by Feathers with Layers of Hollow Melanosomes},
  volume = {221},
  copyright = {\textcopyright{} 2018. Published by The Company of Biologists Ltd. http://www.biologists.com/user-licence-1-1/},
  doi = {10.1242/jeb.174656},
  language = {en},
  number = {4},
  journal = {Journal of Experimental Biology},
  author = {Stavenga, Doekele G. and Leertouwer, Hein L. and Wilts, Bodo D.},
  month = feb,
  year = {2018},
  pages = {jeb174656},
  pmid = {29361607}
}

@article{Simpson2018_twowaysdisplay,
  title = {Two Ways to Display: Male Hummingbirds Show Different Color-Display Tactics Based on Sun Orientation},
  volume = {29},
  shorttitle = {Two Ways to Display},
  doi = {10.1093/beheco/ary016},
  language = {en},
  number = {3},
  journal = {Behavioral Ecology},
  author = {Simpson, Richard K. and McGraw, Kevin J.},
  month = may,
  year = {2018},
  pages = {637-648}
}

@article{Yoshioka2012_phaseadjustinglayersmultilayer,
  title = {Phase-Adjusting Layers in the Multilayer Reflector of a Jewel Beetle},
  volume = {81},
  doi = {10.1143/JPSJ.81.054801},
  number = {5},
  journal = {Journal of the Physical Society of Japan},
  author = {Yoshioka, Shinya and Kinoshita, Shuichi and Iida, Haruhisa and Hariyama, Takahiko},
  month = apr,
  year = {2012},
  pages = {054801}
}

@article{Vaquero-Alba2016_quantitativeanalysisobjective,
  title = {A Quantitative Analysis of Objective Feather Color Assessment: {{Measurements}} in the Laboratory Do Not Reflect True Plumage Color},
  volume = {133},
  shorttitle = {A Quantitative Analysis of Objective Feather Color Assessment},
  doi = {10.1642/AUK-16-19.1},
  language = {en},
  number = {3},
  journal = {The Auk},
  author = {{Vaquero-Alba}, Iker and McGowan, Andrew and {Pincheira-Donoso}, Daniel and Evans, Matthew R. and Dall, Sasha R. X.},
  month = apr,
  year = {2016},
  pages = {325-337}
}

@article{Nam2016_multiplestructuralcolors,
  title = {Multiple Structural Colors of the Plumage Reflect Age, Sex, and Territory Ownership in the {{Eurasian}} Magpie {{{\emph{Pica}}}}{\emph{ Pica}}},
  volume = {51},
  doi = {10.3161/00016454AO2016.51.1.007},
  language = {en},
  number = {1},
  journal = {Acta Ornithologica},
  author = {Nam, Hyun-Young and Lee, Sang-Im and Lee, Jihoon and Choi, Chang-Yong and Choe, Jae Chun},
  month = jun,
  year = {2016},
  pages = {83-92}
}

@article{Yoshioka2011_directdeterminationrefractive,
  title = {Direct Determination of the Refractive Index of Natural Multilayer Systems},
  volume = {83},
  doi = {10.1103/PhysRevE.83.051917},
  language = {en},
  number = {5},
  journal = {Physical Review E},
  author = {Yoshioka, Shinya and Kinoshita, Shuichi},
  month = may,
  year = {2011},
  pages = {051917}
}

@article{Bitton2008_agerelateddifferencesplumage,
  title = {Age-Related Differences in Plumage Characteristics of Male Tree Swallows {{{\emph{Tachycineta}}}}{\emph{ Bicolor}} : Hue and Brightness Signal Different Aspects of Individual Quality},
  volume = {39},
  copyright = {\textcopyright{} 2008 The Authors},
  shorttitle = {Age-Related Differences in Plumage Characteristics of Male Tree Swallows {{{\emph{Tachycineta}}}}{\emph{ Bicolor}}},
  doi = {10.1111/j.0908-8857.2008.04283.x},
  language = {en},
  number = {4},
  journal = {Journal of Avian Biology},
  author = {Bitton, Pierre-Paul and Dawson, Russell D.},
  month = jul,
  year = {2008},
  pages = {446-452}
}

@article{Mahapatra2016_closerlookfeather,
  title = {A Closer Look at the Feather Coloration in the Male Purple Sunbird, {{{\emph{Nectarinia}}}}{\emph{ Asiatica}}},
  volume = {85},
  doi = {10.1016/j.micron.2016.04.001},
  journal = {Micron},
  author = {Mahapatra, Biswa Bhusana and Marathe, Sandhya Amol and {Meyer-Rochow}, Victor Benno and Mishra, Monalisa},
  month = jun,
  year = {2016},
  pages = {44-50}
}

@article{Yoshioka2007_origintwocoloriridescence,
  title = {Origin of Two-Color Iridescence in Rock Dove's Feather},
  volume = {76},
  doi = {10.1143/JPSJ.76.013801},
  number = {1},
  journal = {Journal of the Physical Society of Japan},
  author = {Yoshioka, Shinya and Nakamura, Eri and Kinoshita, Shuichi},
  month = jan,
  year = {2007},
  pages = {013801}
}

@article{Quinard2017_reducedsexualdichromatism,
  title = {Reduced Sexual Dichromatism, Mutual Ornamentation, and Individual Quality in the Monogamous {{Zenaida}} Dove {{{\emph{Zenaida}}}}{\emph{ Aurita}}},
  volume = {48},
  copyright = {\textcopyright{} 2016 The Authors},
  doi = {10.1111/jav.00902},
  language = {en},
  number = {4},
  journal = {Journal of Avian Biology},
  author = {Quinard, Aur\'elie and C\'ezilly, Frank and Motreuil, S\'ebastien and Rossi, Jean-Marc and Biard, Clotilde},
  month = apr,
  year = {2017},
  pages = {489-501}
}

@article{VanWijk2016_reliabletechniquequantify,
  title = {A Reliable Technique to Quantify the Individual Variability of Iridescent Coloration in Birds},
  volume = {47},
  copyright = {\textcopyright{} 2015 The Authors},
  doi = {10.1111/jav.00750},
  language = {en},
  number = {2},
  journal = {Journal of Avian Biology},
  author = {Van Wijk, Sonia and B\'elisle, Marc and Garant, Dany and Pelletier, Fanie},
  month = mar,
  year = {2016},
  pages = {227-234}
}

@article{Legagneux2012_largescalegeographicvariation,
  title = {Large-Scale Geographic Variation in Iridescent Structural Ornaments of a Long-Distance Migratory Bird},
  volume = {43},
  copyright = {\textcopyright{} 2012 The Authors},
  doi = {10.1111/j.1600-048X.2012.05666.x},
  language = {en},
  number = {4},
  journal = {Journal of Avian Biology},
  author = {Legagneux, Pierre and Clark, Robert G. and Guillemain, Matthieu and Eraud, Cyril and Th\'ery, Marc and Bretagnolle, Vincent},
  month = jul,
  year = {2012},
  pages = {355-361}
}

@article{Madsen2007_morphologyornamentationmale,
  title = {Morphology and Ornamentation in Male Magnificent Frigatebirds: Variation with Age Class and Mating Status},
  volume = {169},
  shorttitle = {Morphology and Ornamentation in Male Magnificent Frigatebirds},
  doi = {10.1086/510096},
  language = {en},
  number = {S1},
  journal = {The American Naturalist},
  author = {Madsen, Vinni and Dabelsteen, Torben and Osorio, Daniel and Osorno, Jos\'e Luis},
  month = jan,
  year = {2007},
  pages = {S93-S111}
}

@article{Pegram2015_warningsignalefficacy,
  title = {Warning Signal Efficacy: Assessing the Effects of Color, Iridescence, and Time of Day in the Field},
  volume = {121},
  copyright = {\textcopyright{} 2015 Blackwell Verlag GmbH},
  shorttitle = {Warning Signal Efficacy},
  doi = {10.1111/eth.12403},
  language = {en},
  number = {9},
  journal = {Ethology},
  author = {Pegram, Kimberly V. and Han, Hanh A. and Rutowski, Ronald L.},
  month = sep,
  year = {2015},
  pages = {861-873}
}

@article{Snyder2012_iridescentcolourproduction,
  title = {Iridescent Colour Production in Hairs of Blind Golden Moles ({{Chrysochloridae}})},
  volume = {8},
  copyright = {This journal is \textcopyright{} 2012 The Royal Society},
  doi = {10.1098/rsbl.2011.1168},
  language = {en},
  number = {3},
  journal = {Biology Letters},
  author = {Snyder, Holly K. and Maia, Rafael and D'Alba, Liliana and Shultz, Allison J. and Rowe, Karen M. C. and Rowe, Kevin C. and Shawkey, Matthew D.},
  month = jun,
  year = {2012},
  pages = {393-396},
  pmid = {22279154}
}

@article{Mouchet2017_photonicscaleshoplia,
  series = {The Living Light Conference (May 4 \textendash{} 6) 2016, San Diego (USA)},
  title = {Photonic Scales of {{{\emph{Hoplia}}}}{\emph{ Coerulea}} Beetle: Any Colour You Like},
  volume = {4},
  shorttitle = {Photonic Scales of {{{\emph{Hoplia}}}}{\emph{ Coerulea}} Beetle},
  doi = {10.1016/j.matpr.2017.04.104},
  number = {4, Part A},
  journal = {Materials Today: Proceedings},
  author = {Mouchet, S. R. and Lobet, M. and Kolaric, B. and Kaczmarek, A. M. and Van Deun, R. and Vukusic, Pete and Deparis, O. and Van Hooijdonk, E.},
  month = jan,
  year = {2017},
  pages = {4979-4986}
}

@article{Wilts2016_uniquewingscale,
  title = {Unique Wing Scale Photonics of Male {{Rajah Brooke}}'s Birdwing Butterflies},
  volume = {13},
  doi = {10.1186/s12983-016-0168-7},
  journal = {Frontiers in Zoology},
  author = {Wilts, Bodo D. and Giraldo, Marco A. and Stavenga, Doekele G.},
  month = aug,
  year = {2016},
  pages = {36}
}

@article{Berthier2006_morphologicalstructureoptical,
  title = {Morphological Structure and Optical Properties of the Wings of {{Morphidae}}},
  volume = {13},
  doi = {10.1111/j.1744-7917.2006.00077.x},
  language = {en},
  number = {2},
  journal = {Insect Science},
  author = {Berthier, Serge and Charron, Eric and Boulenguez, Julie},
  year = {2006},
  pages = {145-158}
}

@article{Merritt1925_spectrophotometricstudycertain,
  title = {A Spectrophotometric Study of Certain Cases of Structural Color},
  volume = {11},
  copyright = {\&\#169; 1925 Optical Society of America},
  doi = {10.1364/JOSA.11.000093},
  language = {EN},
  number = {2},
  journal = {Journal of the Optical Society of America},
  author = {Merritt, Ernest},
  month = aug,
  year = {1925},
  pages = {93-98}
}

@article{Lim2013_uvgreeniridescencepredicts,
  title = {{{UV}}-Green Iridescence Predicts Male Quality during Jumping Spider Contests},
  volume = {8},
  doi = {10.1371/journal.pone.0059774},
  language = {en},
  number = {4},
  journal = {PLOS ONE},
  author = {Lim, Matthew L. M. and Li, Daiqin},
  month = apr,
  year = {2013},
  pages = {e59774}
}

@article{Kuitunen2011_effectscuticlestructure,
  title = {Effects of Cuticle Structure and Crystalline Wax Coverage on the Coloration in Young and Old Males of {{{\emph{Calopteryx}}}}{\emph{ Splendens}} and {{{\emph{Calopteryx}}}}{\emph{ Virgo}}},
  volume = {114},
  doi = {10.1016/j.zool.2011.01.003},
  number = {3},
  journal = {Zoology},
  author = {Kuitunen, Katja and Gorb, Stanislav N.},
  month = jun,
  year = {2011},
  pages = {129-139}
}

@article{Hariyama2002_originiridescentcolors,
  title = {The Origin of the Iridescent Colors in Coleopteran Elytron},
  volume = {17},
  language = {en},
  number = {2},
  journal = {Forma},
  author = {Hariyama, Takahiko and Takaku, Yasuharu and Hironaka, Mantaro and Horiguchi, Hiroko and Komiya, Yoshiaki and Kurachi, Masashi},
  month = jan,
  year = {2002},
  pages = {123-132}
}

@article{Rashid2018_structuralcolorationcaloenas,
  title = {Structural Coloration in {{{\emph{Caloenas}}}}{\emph{ Nicobarica}} Pigeons and Refractive Index Modulated Sensing},
  volume = {6},
  copyright = {\textcopyright{} 2018 WILEY-VCH Verlag GmbH \& Co. KGaA, Weinheim},
  doi = {10.1002/adom.201701218},
  language = {en},
  number = {9},
  journal = {Advanced Optical Materials},
  author = {Rashid, Ijaz and Hassan, Muhammad Umair and Khandwalla, Abbas and Ameen, Rayan Mohammed and Yetisen, Ali Kemal and Dai, Qing and Butt, Haider},
  month = may,
  year = {2018},
  pages = {1701218}
}

@article{Johansen2018_geneticmanipulationstructural,
  title = {Genetic Manipulation of Structural Color in Bacterial Colonies},
  volume = {115},
  copyright = {\textcopyright{} 2018 . Published under the PNAS license.},
  doi = {10.1073/pnas.1716214115},
  language = {en},
  number = {11},
  journal = {Proceedings of the National Academy of Sciences},
  author = {Johansen, Villads Egede and Cat\'on, Laura and Hamidjaja, Raditijo and Oosterink, Els and Wilts, Bodo D. and Rasmussen, Torben S\o{}lbeck and Sherlock, Michael Mario and Ingham, Colin J. and Vignolini, Silvia},
  month = mar,
  year = {2018},
  pages = {2652-2657},
  pmid = {29472451}
}

@article{Li2015_highlyconspicuousmineralized,
  title = {A Highly Conspicuous Mineralized Composite Photonic Architecture in the Translucent Shell of the Blue-Rayed Limpet},
  volume = {6},
  copyright = {2015 Nature Publishing Group},
  doi = {10.1038/ncomms7322},
  language = {en},
  journal = {Nature Communications},
  author = {Li, Ling and Kolle, Stefan and Weaver, James C. and Ortiz, Christine and Aizenberg, Joanna and Kolle, Mathias},
  month = feb,
  year = {2015},
  pages = {6322}
}

@article{Onelli2017_developmentstructuralcolour,
  title = {Development of Structural Colour in Leaf Beetles},
  volume = {7},
  copyright = {2017 The Author(s)},
  doi = {10.1038/s41598-017-01496-8},
  language = {en},
  number = {1},
  journal = {Scientific Reports},
  author = {Onelli, Olimpia D. and van de Kamp, Thomas and Skepper, Jeremy N. and Powell, Janet and Rolo, Tomy dos Santos and Baumbach, Tilo and Vignolini, Silvia},
  month = may,
  year = {2017},
  pages = {1373}
}

@article{Brink2002_iridescentcolorsseashells,
  title = {Iridescent Colors on Seashells: An Optical and Structural Investigation of {{{\emph{Helcion}}}}{\emph{ Pruinosus}}},
  volume = {41},
  copyright = {\&\#169; 2002 Optical Society of America},
  shorttitle = {Iridescent Colors on Seashells},
  doi = {10.1364/AO.41.000717},
  language = {EN},
  number = {4},
  journal = {Applied Optics},
  author = {Brink, Daniel J. and van der Berg, Nic G. and Botha, Andre J.},
  month = feb,
  year = {2002},
  pages = {717-722}
}

@article{Brink2005_investigationgreeniridescence,
  title = {An Investigation of Green Iridescence on the Mollusc {{{\emph{Patella}}}}{\emph{ Granatina}}},
  volume = {38},
  doi = {10.1088/0022-3727/38/2/019},
  language = {en},
  number = {2},
  journal = {Journal of Physics D: Applied Physics},
  author = {Brink, D. J. and van der Berg, N. G.},
  year = {2005},
  pages = {338}
}

@article{Pasteels2016_structuralphysicalevidence,
  title = {Structural and Physical Evidence for an Endocuticular Gold Reflector in the Tortoise Beetle, {{{\emph{Charidotella}}}}{\emph{ Ambita}}},
  volume = {45},
  doi = {10.1016/j.asd.2016.10.008},
  number = {6},
  journal = {Arthropod Structure \& Development},
  author = {Pasteels, Jacques M. and Deparis, Olivier and Mouchet, S\'ebastien R. and Windsor, Donald M. and Billen, Johan},
  month = nov,
  year = {2016},
  pages = {509-518}
}

@article{Trzeciak2012_variablemultilayerreflection,
  title = {Variable Multilayer Reflection Together with Long-Pass Filtering Pigment Determines the Wing Coloration of Papilionid Butterflies of the Nireus Group},
  volume = {20},
  copyright = {\&\#169; 2012 OSA},
  doi = {10.1364/OE.20.008877},
  language = {EN},
  number = {8},
  journal = {Optics Express},
  author = {Trzeciak, Tomasz M. and Wilts, Bodo D. and Stavenga, Doekele G. and Vukusic, Peter},
  month = apr,
  year = {2012},
  pages = {8877-8890}
}

@article{Ingram2011_structuralorigingreen,
  title = {Structural Origin of the Green Iridescence on the Chelicerae of the Red-Backed Jumping Spider, {{{\emph{Phidippus}}}}{\emph{ Johnsoni}} ({{Salticidae}}: {{Araneae}})},
  volume = {40},
  doi = {10.1016/j.asd.2010.07.006},
  number = {1},
  journal = {Arthropod Structure \& Development},
  author = {Ingram, A. L. and Deparis, O. and Boulenguez, J. and Kennaway, G. and Berthier, S. and Parker, A. R.},
  month = jan,
  year = {2011},
  pages = {21-25}
}

@article{Ge2017_varyingunchangingwhiteness,
  title = {Varying and Unchanging Whiteness on the Wings of Dusk-Active and Shade-Inhabiting {{Carystoides}} Escalantei Butterflies},
  volume = {114},
  copyright = {\textcopyright{}  . http://www.pnas.org/site/misc/userlicense.xhtml},
  doi = {10.1073/pnas.1701017114},
  language = {en},
  number = {28},
  journal = {Proceedings of the National Academy of Sciences},
  author = {Ge, Dengteng and Wu, Gaoxiang and Yang, Lili and Kim, Hye-Na and Hallwachs, Winnie and Burns, John M. and Janzen, Daniel H. and Yang, Shu},
  month = jul,
  year = {2017},
  pages = {7379-7384},
  pmid = {28652351}
}

@article{Wang2013_designstructurelow,
  title = {Design of a Structure with Low Incident and Viewing Angle Dependence Inspired by {{{\emph{Morpho}}}} Butterflies},
  volume = {3},
  copyright = {2013 Nature Publishing Group},
  doi = {10.1038/srep03427},
  language = {en},
  journal = {Scientific Reports},
  author = {Wang, Wanlin and Zhang, Wang and Gu, Jiajun and Liu, Qinglei and Deng, Tao and Zhang, Di and Lin, Hai-Qing},
  month = dec,
  year = {2013},
  pages = {3427}
}


